@inproceedings{Fraser01,
        author={Fraser,G.},
        editor={ },
        year={2017},
        title={Gamification of software testing},
        booktitle={Proceedings - 2017 IEEE/ACM 12th International Workshop on Automation of Software Testing, AST 2017},
        pages={2-7},
        note={Cited By :7},
        language={English},
        url={www.scopus.com},
}


@inproceedings{DeJesus,
        author={De Jesus,G. M. and Ferrari,F. C. and De Paula Porto,D. and Fabbri,S. C. P. F.},
        editor={ },
        year={2018},
        title={Gamification in software testing: A characterization study},
        booktitle={ACM International Conference Proceeding Series},
        pages={39-48},
        language={English},
        url={www.scopus.com},
}



@inproceedings{Parizi,
        author={Parizi,R. M.},
        editor={ },
        year={2016},
        title={On the gamification of human-centric traceability tasks in software testing and coding},
        booktitle={2016 IEEE/ACIS 14th International Conference on Software Engineering Research, Management and Applications, SERA 2016},
        pages={193-200},
        note={Cited By :11},
        language={English},
        url={www.scopus.com},
}



@inproceedings{Elgrably,
        author={Elgrably,I. S. and Oliveira,S. R. B.},
        editor={ },
        year={2018},
        title={Gamification and evaluation of the use the agile tests in software quality subjects: The application of case studies},
        booktitle={ENASE 2018 - Proceedings of the 13th International Conference on Evaluation of Novel Approaches to Software Engineering},
        volume={2018-March},
        pages={416-423},
        language={English},
        url={www.scopus.com},
}



@article{Pedreira,
        author={Pedreira,O. and García,F. and Brisaboa,N. and Piattini,M.},
        year={2015},
        title={Gamification in software engineering - A systematic mapping},
        journal={Information and Software Technology},
        volume={57},
        number={1},
        pages={157-168},
        note={Cited By :116},
        language={English},
        url={www.scopus.com},
}



@article{Garcia,
        author={García,F. and Pedreira,O. and Piattini,M. and Cerdeira-Pena,A. and Penabad,M.},
        year={2017},
        title={A framework for gamification in software engineering},
        journal={Journal of Systems and Software},
        volume={132},
        pages={21-40},
        note={Cited By :19},
        language={English},
        url={www.scopus.com},
}



@inproceedings{Houshmand,
        author={Houshmand,M. and Paydar,S.},
        editor={ },
        year={2017},
        title={EMVille: A gamification-based approach to address the equivalent mutant problem},
        booktitle={2017 7th International Conference on Computer and Knowledge Engineering, ICCKE 2017},
        volume={2017-January},
        pages={326-332},
        language={English},
        url={www.scopus.com},
}



@inproceedings{Rojas,
        author={Rojas,J. M. and Fraser,G.},
        editor={ },
        year={2016},
        title={Code Defenders: A Mutation Testing Game},
        booktitle={Proceedings - 2016 IEEE International Conference on Software Testing, Verification and Validation Workshops, ICSTW 2016},
        pages={162-167},
        note={Cited By :11},
        language={English},
        url={www.scopus.com},
}

@misc{ISTQB-Glos12,
  added-at = {2013-03-21T13:12:06.000+0100},
  author = {Board), ISTQB (International Software Testing Qualifications},
  biburl = {https://www.bibsonomy.org/bibtex/2f090958df089022a6c2232099c6ecc24/davef},
  day = 19,
  editor = {van Veenendaal, Erik},
  interhash = {bc0734d910d713d2cdfcb93f0749ae6d},
  intrahash = {f090958df089022a6c2232099c6ecc24},
  keywords = {diss standard sw_engineering testing},
  month = {October},
  organization = {Glossary Working Party of the International Software Testing Qualifications Board},
  timestamp = {2015-07-21T20:07:37.000+0200},
  title = {Standard glossary of terms used in Software Testing},
  volume = {Version 2.2},
  year = 2012
}



@misc{ufcg, title={Frameworks}, url={http://www.dsc.ufcg.edu.br/~jacques/cursos/map/html/frame/oque.htm}, journal={O que um framework?}, publisher={Universidade Federal de Campina Grande}}